@online{five,
title={Who will win the presidency?},
author={FiveThirtyEight}
date={November 8, 2016},
url={http://projects.fivethirtyeight.com/2016-election-forecast/}
},

@online{nyt,
title={Who Will Be President?},
author={Josh Katz},
date={November 8, 2016},
url={http://www.nytimes.com/interactive/2016/upshot/presidential-polls-forecast.html}
},

@online{huffpost,
title={Forcast: President},
author={Natalie Jackson and Adam Hooper},
date={November 8, 2016},
url={http://elections.huffingtonpost.com/2016/forecast/president}
},

@online{riots,
title={Anti-Trump protesters take to the streets in many cities for a third night},
author={Leah Sottile, Samantha Schmidt and Brian Murphy},
date={November 12, 2016},
url={https://www.washingtonpost.com/news/morning-mix/wp/2016/11/11/violence-erupts-in-portland-riot-as-anti-trump-protests-continue-in-cities-across-the-nation/}
},

@online{jockers,
title={More Syuzhet Validation},
author={Matthew Jockers},
date={August 11, 2016},
url={http://www.matthewjockers.net/2016/08/11/more-syuzhet-validation/}
},

@online{nrc,
title={NRC Emotion Lexicon},
author={Saif Mohammad},
url={http://saifmohammad.com/WebPages/NRC-Emotion-Lexicon.htm}
},

@online{emoji,
title={The ‘tears of joy’ emoji is the worst of all – it’s used to gloat about human suffering},
author={Abi Wilkinson},
url={https://www.theguardian.com/commentisfree/2016/nov/24/tears-of-joy-emoji-worst-gloat-about-human-suffering},
}